<record><leader>00000cas a22000007a 4500</leader><controlfield tag="001">19348770</controlfield><controlfield tag="008">890313d19041966deuwr ne      0    0eng d</controlfield><datafield ind1=" " ind2=" " tag="010"><subfield code="a">sn 88053149 </subfield></datafield><datafield ind1=" " ind2=" " tag="040"><subfield code="a">DEX</subfield><subfield code="b">eng</subfield><subfield code="c">DEX</subfield><subfield code="d">OCLCQ</subfield></datafield><datafield ind1=" " ind2=" " tag="042"><subfield code="a">msc</subfield></datafield><datafield ind1="0" ind2=" " tag="130"><subfield code="a">State register (Laurel, Del. : 1904)</subfield></datafield><datafield ind1="1" ind2="4" tag="245"><subfield code="a">The State register.</subfield></datafield><datafield ind1=" " ind2=" " tag="260"><subfield code="a">Laurel, Del. :</subfield><subfield code="b">Edwd. M. Fowler</subfield></datafield><datafield ind1=" " ind2=" " tag="300"><subfield code="a">v.</subfield></datafield><datafield ind1=" " ind2=" " tag="310"><subfield code="a">Weekly</subfield></datafield><datafield ind1="1" ind2=" " tag="362"><subfield code="a">Began in 1904.</subfield></datafield><datafield ind1="0" ind2=" " tag="362"><subfield code="a">-v. 82, no. 11 (Mar. 17, 1966).</subfield></datafield><datafield ind1=" " ind2=" " tag="580"><subfield code="a">Merged with: Bi-state weekly, to form: State register and the bi-state weekly, and: Bi-state weekly and the State register.</subfield></datafield><datafield ind1=" " ind2=" " tag="588"><subfield code="a">Description based on: Vol. 1, no. 14 (Apr. 30, 1904).</subfield></datafield><datafield ind1=" " ind2=" " tag="752"><subfield code="a">United States</subfield><subfield code="b">Delaware</subfield><subfield code="c">Sussex</subfield><subfield code="d">Laurel.</subfield></datafield><datafield ind1="1" ind2="7" tag="785"><subfield code="t">Bi-state weekly</subfield><subfield code="w">(DLC)sn 88053101</subfield></datafield><datafield ind1="1" ind2="7" tag="785"><subfield code="t">State register and the bi-state weekly</subfield><subfield code="w">(DLC)sn 89099211</subfield></datafield><datafield ind1="1" ind2="7" tag="785"><subfield code="t">Bi-state weekly and the State register</subfield><subfield code="w">(DLC)sn 89099212</subfield></datafield><datafield ind1="1" ind2=" " tag="029"><subfield code="a">AU@</subfield><subfield code="b">000025805214</subfield></datafield></record>